% ---------------------------------------------------------------------
% Cloned from the HES-SO//Master canvas 2019
% ---------------------------------------------------------------------
@misc{wikipedia:turing_test_img,
   author = "{Bilby}",
   title = "File:Turing Test version 3.png",
   year = "2008",
   url = "https://commons.wikimedia.org/wiki/File:Turing_Test_version_3.png",
   note = "[Online; accessed 26-May-2019]"
   license = "Public domain"
 }
 
 @misc{chatbot:eliza,
   author = "{Michal Wallace \& George Dunlop}",
   title = "Eliza, the Rogerian Therapist",
   year = "1999",
   url = "http://psych.fullerton.edu/mbirnbaum/psych101/Eliza.htm",
   note = "[Online; accessed 26-May-2019]"
 }
 
  @misc{chatbot:futurism_history_infography,
   author = "{Futurism, LLC}",
   title = "The History of Chatbots Infographic",
   year = "2016",
   url = "https://futurism.com/images/the-history-of-chatbots-infographic",
   note = "[Online; accessed 26-May-2019]"
 }
 
 
@inproceedings{example_reference_1,
	title = {Name Reactions in Heterocyclic Chemistry},
	author  = {J. J. Li, and E. J. Corey},
	year  = 2005,
	booktitle = {John Wiley \& sons, Inc.}
}
@proceedings{example_reference_2,
  title        = {2013 28th Annual ACM/IEEE Symposium on Logic in Computer Science},
  shorttitle   = {LICS},
  eventdate    = {2013-06-25/2013-06-28},
  venue        = {New Orleans, Louisiana},
  isbn         = {978-1-4799-0413-6},
  publisher    = {IEEE Computer Society},
  date         = {2013},
}
@inproceedings{example_reference_3,
  author      = {Pattinson, Dirk},
  title       = {The Logic of Exact Covers},
  subtitle    = {Completeness and Uniform Interpolation},
  crossref    = {lics},
  pages       = {418-427},
}
@proceedings{example_reference_4,
  booktitle    = {Logic in Computer Science},
  booktitleaddon = {Proceedings of the 28th Annual ACM/IEEE Symposium}, 
  shorttitle   = {LICS},
  eventdate    = {2013-06-25/2013-06-28},
  venue        = {New Orleans, Louisiana},
  isbn         = {978-1-4799-0413-6},
  publisher    = {IEEE Computer Society},
  date         = {2013},
}



@ARTICLE{ARTICLE:1,
    AUTHOR="John Doe",
    TITLE="Title",
    JOURNAL="Journal",
    YEAR="2017",
}

@BOOK{BOOK:1,
    AUTHOR="John Doe",
    TITLE="The Book without Title",
    PUBLISHER="Dummy Publisher",
    YEAR="2100",
}

@INBOOK{BOOK:2,
    AUTHOR="John Doe",
    TITLE="The Book without Title",
    PUBLISHER="Dummy Publisher",
    YEAR="2100",
    PAGES="100-200",
}

@MISC{WikipediaEN:AFM,
    author = {{Wikipedia, the free encyclopedia}},
    title = {Atomic force microscopy},
    year = {2013},
    note = {[Online; accessed April 27, 2013]},
    url = {https://en.wikipedia.org/wiki/File:Atomic_force_microscope_block_diagram.svg}
}

@MISC{WEBSITE:1,
	HOWPUBLISHED = "\url{http://example.com}",
	AUTHOR = "Intel",
	TITLE = "Example Website",
	MONTH = "Dec",
	YEAR = "1988",
	NOTE = "Accessed on 2012-11-11"
}